
@misc{CSE512DataVisualization,
  title = {{{CSE512}}: {{Data Visualization}}},
  file = {C\:\\Users\\Yohan_Min\\Zotero\\storage\\CWZRLIPS\\19sp.html},
  howpublished = {https://courses.cs.washington.edu/courses/cse512/19sp/}
}

@book{magallanesreyesIntroducingDataScience2017,
  title = {Introducing to Data Science for Social and Policy Research: Collecting to Organizing Data with {{R}} and {{Python}}},
  shorttitle = {Introducing to Data Science for Social and Policy Research},
  author = {Magallanes Reyes, Jos{\'e} Manuel},
  year = {2017},
  publisher = {{Cambridge University Press}},
  address = {{Cambridge, United Kingdom New York, USA Port Melbourne, Australia Delhi, India Singapore}},
  isbn = {978-1-107-54025-5 978-1-107-11741-9},
  language = {eng},
  note = {OCLC: 998518603}
}

@book{ruppertStatisticsDataAnalysis2015a,
  title = {Statistics and Data Analysis for Financial Engineering: With {{R}} Examples},
  shorttitle = {Statistics and Data Analysis for Financial Engineering},
  author = {Ruppert, David and Matteson, David S.},
  year = {2015},
  edition = {2. ed},
  publisher = {{Springer}},
  address = {{New York}},
  isbn = {978-1-4939-2613-8},
  language = {eng},
  note = {OCLC: 915369090},
  series = {Springer Texts in Statistics}
}


